<?xml version="1.0" encoding="UTF-8"?><collection xmlns="http://www.loc.gov/MARC21/slim"><record><leader>00581nam--2200181-i-4500</leader><controlfield tag="001">000037536</controlfield><controlfield tag="002">20161230</controlfield><controlfield tag="005">20161230201041</controlfield><controlfield tag="008">060222s1000------------r-----000-0-eng-d</controlfield><datafield ind1=" " ind2=" " tag="040"><subfield code="a">IFIN-HH</subfield></datafield><datafield ind1=" " ind2=" " tag="080"><subfield code="a">538.9</subfield></datafield><datafield ind1="1" ind2=" " tag="100"><subfield code="a">Suchet, J.P</subfield></datafield><datafield ind1="1" ind2="0" tag="245"><subfield code="a">Quelques aspects de l`etat solide organique</subfield><subfield code="b">Textes reunis et edites par j.p. suchet, preface de miochel magat</subfield><subfield code="c">J.p. suchet (ed.)</subfield></datafield><datafield ind1=" " ind2=" " tag="260"><subfield code="a">Paris</subfield><subfield code="b">Masson Et C-ie, Editeurs</subfield><subfield code="c">1972</subfield></datafield><datafield ind1=" " ind2=" " tag="300"><subfield code="a">192P</subfield></datafield><datafield ind1=" " ind2=" " tag="490"><subfield code="a">Seminaires De Chimie De L'Etat Solide 1970-1971</subfield><subfield code="v">N0.5</subfield></datafield><datafield ind1=" " ind2=" " tag="852"><subfield code="a">77285</subfield><subfield code="c">539.2</subfield></datafield><datafield ind1=" " ind2=" " tag="CAT"><subfield code="a">Sys</subfield><subfield code="c">20121127</subfield><subfield code="h">125052</subfield></datafield></record></collection>